@book{reppy2007concurrent,
  title={Concurrent programming in ML},
  author={Reppy, John H},
  year={2007},
  publisher={Cambridge University Press}
}

@inproceedings{reppy2007specialization,
  title={Specialization of CML message-passing primitives},
  author={Reppy, John and Xiao, Yingqi},
  booktitle={ACM SIGPLAN Notices},
  volume={42},
  pages={315--326},
  year={2007},
  organization={ACM}
}

@book{nipkow2002isabelle,
  title={Isabelle/HOL: a proof assistant for higher-order logic},
  author={Nipkow, Tobias and Paulson, Lawrence C and Wenzel, Markus},
  volume={2283},
  year={2002},
  publisher={Springer Science \& Business Media}
}

@book{felleisen1986control,
  title={Control Operators, the SECD-machine, and the [1]-calculus},
  author={Felleisen, Matthias and Friedman, Daniel P},
  year={1986},
  publisher={Indiana University, Computer Science Department}
}

@phdthesis{shivers1991control,
  title={Control-flow analysis of higher-order languages},
  author={Shivers, Olin},
  year={1991},
  school={Citeseer}
}

@book{nielson2015principles,
  title={Principles of program analysis},
  author={Nielson, Flemming and Nielson, Hanne R and Hankin, Chris},
  year={2015},
  publisher={Springer}
}

@article{donnelly2008transactional,
  title={Transactional events},
  author={Donnelly, Kevin and Fluet, Matthew},
  journal={Journal of Functional Programming},
  volume={18},
  number={5-6},
  pages={649--706},
  year={2008},
  publisher={Cambridge University Press}
}

@book{hennessy2011computer,
  title={Computer architecture: a quantitative approach},
  author={Hennessy, John L and Patterson, David A},
  year={2011},
  publisher={Elsevier}
}

@misc{smlnj,
  title = {SML/NJ},
  author = "John Reppy and Andrew Appel",
  url = "https://www.smlnj.org",
  note = {Accessed: 2018-12-04}
}


@misc{mlton,
  title = {MLton},
  url = "http://mlton.org",
  author = "Matthew Fluet",
  note = {Accessed: 2018-12-04}
}

@inproceedings{flanagan1993essence,
  title={The essence of compiling with continuations},
  author={Flanagan, Cormac and Sabry, Amr and Duba, Bruce F and Felleisen, Matthias},
  booktitle={ACM Sigplan Notices},
  volume={28},
  pages={237--247},
  year={1993},
  organization={ACM}
}

@inproceedings{acar2009self,
  title={Self-adjusting computation:(an overview)},
  author={Acar, Umut A},
  booktitle={Proceedings of the 2009 ACM SIGPLAN workshop on Partial evaluation and program manipulation},
  pages={1--6},
  year={2009},
  organization={ACM}
}

@article{halbwachs1991synchronous,
  title={The synchronous data flow programming language LUSTRE},
  author={Halbwachs, Nicholas and Caspi, Paul and Raymond, Pascal and Pilaud, Daniel},
  journal={Proceedings of the IEEE},
  volume={79},
  number={9},
  pages={1305--1320},
  year={1991},
  publisher={IEEE}
}


@manual{kind,
    title  = "Kind",
    author = "Cesare Tinelli",
    url    = "http://kind2-mc.github.io/kind2/",
    year   = "(accessed December 04, 2018)"
}


@inproceedings{nielson1994higher,
  title={Higher-order concurrent programs with finite communication topology},
  author={Nielson, Hanne Riis and Nielson, Flemming},
  booktitle={Proceedings of the 21st ACM SIGPLAN-SIGACT symposium on Principles of programming languages},
  pages={84--97},
  year={1994},
  organization={ACM}
}

@inproceedings{kobayashi1995static,
  title={Static analysis of communication for asynchronous concurrent programming languages},
  author={Kobayashi, Naoki and Nakade, Motoki and Yonezawa, Akinori},
  booktitle={International Static Analysis Symposium},
  pages={225--242},
  year={1995},
  organization={Springer}
}


@inproceedings{gay2001framework,
  title={A framework for the formalisation of pi calculus type systems in Isabelle/HOL},
  author={Gay, Simon J},
  booktitle={International Conference on Theorem Proving in Higher Order Logics},
  pages={217--232},
  year={2001},
  organization={Springer}
}

@article{melham1994mechanized,
  title={A Mechanized Theory of the Pi-Calculus in HOL.},
  author={Melham, Thomas F.},
  journal={Nord. J. Comput.},
  volume={1},
  number={1},
  pages={50--76},
  year={1994}
}

@article{affeldt2008coq,
  title={A Coq library for verification of concurrent programs},
  author={Affeldt, Reynald and Kobayashi, Naoki},
  journal={Electronic Notes in Theoretical Computer Science},
  volume={199},
  pages={17--32},
  year={2008},
  publisher={Elsevier}
}

@book{milner1999communicating,
  title={Communicating and mobile systems: the pi calculus},
  author={Milner, Robin},
  year={1999},
  publisher={Cambridge university press}
}